@inproceedings{nguyen2017distributed,
  title={Distributed mpi cluster with docker swarm mode},
  author={Nguyen, Nikyle and Bein, Doina},
  booktitle={2017 ieee 7th annual computing and communication workshop and conference (ccwc)},
  pages={1--7},
  year={2017},
  organization={IEEE}
}
